@article{bifpn,
  title={Efficientdet: Scalable and efficient object detection},
  author={Tan, Mingxing and Pang, Ruoming and Le, Quoc V},
  journal={arXiv preprint arXiv:1911.09070},
  year={2019}
}

@article{aspp,
  title={Deeplab: Semantic image segmentation with deep convolutional nets, atrous convolution, and fully connected crfs},
  author={Chen, Liang-Chieh and Papandreou, George and Kokkinos, Iasonas and Murphy, Kevin and Yuille, Alan L},
  journal={IEEE transactions on pattern analysis and machine intelligence},
  volume={40},
  number={4},
  pages={834--848},
  year={2017},
  publisher={IEEE}
}

@inproceedings{fpn,
  title={Feature pyramid networks for object detection},
  author={Lin, Tsung-Yi and Doll{\'a}r, Piotr and Girshick, Ross and He, Kaiming and Hariharan, Bharath and Belongie, Serge},
  booktitle={Proceedings of the IEEE conference on computer vision and pattern recognition},
  pages={2117--2125},
  year={2017}
}

@inproceedings{parsing,
  title={Parsing r-cnn for instance-level human analysis},
  author={Yang, Lu and Song, Qing and Wang, Zhihui and Jiang, Ming},
  booktitle={Proceedings of the IEEE Conference on Computer Vision and Pattern Recognition},
  pages={364--373},
  year={2019}
}

@inproceedings{nonlocal,
  title={Non-local neural networks},
  author={Wang, Xiaolong and Girshick, Ross and Gupta, Abhinav and He, Kaiming},
  booktitle={Proceedings of the IEEE conference on computer vision and pattern recognition},
  pages={7794--7803},
  year={2018}
}

@inproceedings{condconv,
  title={CondConv: Conditionally Parameterized Convolutions for Efficient Inference},
  author={Yang, Brandon and Bender, Gabriel and Le, Quoc V and Ngiam, Jiquan},
  booktitle={Advances in Neural Information Processing Systems},
  pages={1305--1316},
  year={2019}
}

@article{efficientnetb,
  title={Efficientnet: Rethinking model scaling for convolutional neural networks},
  author={Tan, Mingxing and Le, Quoc V},
  journal={arXiv preprint arXiv:1905.11946},
  year={2019}
}

@misc{efficientnete,
  title = {EfficientNet-EdgeTPU: Creating Accelerator-Optimized Neural Networks with AutoML},
  howpublished = {\url{https://ai.googleblog.com/2019/08/efficientnet-edgetpu-creating.html}},
  key={ee}
}

@article{mixnet,
  title={Mixconv: Mixed depthwise convolutional kernels},
  author={Tan, Mingxing and Le, Quoc V},
  journal={arXiv preprint arXiv:1907.09595},
  year={2019}
}

@inproceedings{mnasnet,
  title={Mnasnet: Platform-aware neural architecture search for mobile},
  author={Tan, Mingxing and Chen, Bo and Pang, Ruoming and Vasudevan, Vijay and Sandler, Mark and Howard, Andrew and Le, Quoc V},
  booktitle={Proceedings of the IEEE Conference on Computer Vision and Pattern Recognition},
  pages={2820--2828},
  year={2019}
}

@inproceedings{mobilenetv3,
  title={Searching for mobilenetv3},
  author={Howard, Andrew and Sandler, Mark and Chu, Grace and Chen, Liang-Chieh and Chen, Bo and Tan, Mingxing and Wang, Weijun and Zhu, Yukun and Pang, Ruoming and Vasudevan, Vijay and others},
  booktitle={Proceedings of the IEEE International Conference on Computer Vision},
  pages={1314--1324},
  year={2019}
}

@inproceedings{mobilenetv2,
  title={Mobilenetv2: Inverted residuals and linear bottlenecks},
  author={Sandler, Mark and Howard, Andrew and Zhu, Menglong and Zhmoginov, Andrey and Chen, Liang-Chieh},
  booktitle={Proceedings of the IEEE conference on computer vision and pattern recognition},
  pages={4510--4520},
  year={2018}
}

@article{mobilenetv1,
  title={Mobilenets: Efficient convolutional neural networks for mobile vision applications},
  author={Howard, Andrew G and Zhu, Menglong and Chen, Bo and Kalenichenko, Dmitry and Wang, Weijun and Weyand, Tobias and Andreetto, Marco and Adam, Hartwig},
  journal={arXiv preprint arXiv:1704.04861},
  year={2017}
}

@inproceedings{fbnet,
  title={Fbnet: Hardware-aware efficient convnet design via differentiable neural architecture search},
  author={Wu, Bichen and Dai, Xiaoliang and Zhang, Peizhao and Wang, Yanghan and Sun, Fei and Wu, Yiming and Tian, Yuandong and Vajda, Peter and Jia, Yangqing and Keutzer, Kurt},
  booktitle={Proceedings of the IEEE Conference on Computer Vision and Pattern Recognition},
  pages={10734--10742},
  year={2019}
}

@article{spnasnet,
  title={Single-path nas: Designing hardware-efficient convnets in less than 4 hours},
  author={Stamoulis, Dimitrios and Ding, Ruizhou and Wang, Di and Lymberopoulos, Dimitrios and Priyantha, Bodhi and Liu, Jie and Marculescu, Diana},
  journal={arXiv preprint arXiv:1904.02877},
  year={2019}
}

@inproceedings{resnet,
  title={Deep residual learning for image recognition},
  author={He, Kaiming and Zhang, Xiangyu and Ren, Shaoqing and Sun, Jian},
  booktitle={Proceedings of the IEEE conference on computer vision and pattern recognition},
  pages={770--778},
  year={2016}
}

@inproceedings{densepose,
  title={Densepose: Dense human pose estimation in the wild},
  author={Alp G{\"u}ler, R{\i}za and Neverova, Natalia and Kokkinos, Iasonas},
  booktitle={Proceedings of the IEEE Conference on Computer Vision and Pattern Recognition},
  pages={7297--7306},
  year={2018}
}

@misc{detectron2,
  author =       {Yuxin Wu and Alexander Kirillov and Francisco Massa and
                  Wan-Yen Lo and Ross Girshick},
  title =        {Detectron2},
  howpublished = {\url{https://github.com/facebookresearch/detectron2}},
  year =         {2019}
}

@misc{geffnet,
  author =       {Ross Wightman},
  title =        {Geffnet (Pre-trained efficientnet models)},
  howpublished = {\url{https://github.com/rwightman/gen-efficientnet-pytorch}},
}

@inproceedings{maskrcnn,
  title={Mask r-cnn},
  author={He, Kaiming and Gkioxari, Georgia and Doll{\'a}r, Piotr and Girshick, Ross},
  booktitle={Proceedings of the IEEE international conference on computer vision},
  pages={2961--2969},
  year={2017}
}

@inproceedings{fasterrcnn,
  title={Faster r-cnn: Towards real-time object detection with region proposal networks},
  author={Ren, Shaoqing and He, Kaiming and Girshick, Ross and Sun, Jian},
  booktitle={Advances in neural information processing systems},
  pages={91--99},
  year={2015}
}

@inproceedings{denseposeslim,
  title={Slim densepose: Thrifty learning from sparse annotations and motion cues},
  author={Neverova, Natalia and Thewlis, James and Guler, Riza Alp and Kokkinos, Iasonas and Vedaldi, Andrea},
  booktitle={Proceedings of the IEEE Conference on Computer Vision and Pattern Recognition},
  pages={10915--10923},
  year={2019}
}

@book{automl,
    editor = {Hutter, Frank and Kotthoff, Lars and Vanschoren, Joaquin},
    note = {In press, available at http://automl.org/book.},
    publisher = {Springer},
    title = {Automated Machine Learning: Methods, Systems, Challenges},
    year = {2018}
}

@incollection{uncertainty,
title = {Correlated Uncertainty for Learning Dense Correspondences from Noisy Labels},
author = {Neverova, Natalia and Novotny, David and Vedaldi, Andrea},
booktitle = {Advances in Neural Information Processing Systems 32},
editor = {H. Wallach and H. Larochelle and A. Beygelzimer and F. d'Alche-Buc and E. Fox and R. Garnett},
pages = {920--928},
year = {2019},
publisher = {Curran Associates, Inc.},
url = {http://papers.nips.cc/paper/8378-correlated-uncertainty-for-learning-dense-correspondences-from-noisy-labels.pdf}
}

@inproceedings{monkeys,
  title={Transferring dense pose to proximal animal classes},
  author={Sanakoyeu, Artsiom and Khalidov, Vasil and McCarthy, Maureen S and Vedaldi, Andrea and Neverova, Natalia},
  booktitle={Proceedings of the IEEE/CVF Conference on Computer Vision and Pattern Recognition},
  pages={5233--5242},
  year={2020}
}

@inproceedings{syncbn,
  title={Megdet: A large mini-batch object detector},
  author={Peng, Chao and Xiao, Tete and Li, Zeming and Jiang, Yuning and Zhang, Xiangyu and Jia, Kai and Yu, Gang and Sun, Jian},
  booktitle={Proceedings of the IEEE Conference on Computer Vision and Pattern Recognition},
  pages={6181--6189},
  year={2018}
}

@article{vid2vid,
  title={Video-to-video synthesis},
  author={Wang, Ting-Chun and Liu, Ming-Yu and Zhu, Jun-Yan and Liu, Guilin and Tao, Andrew and Kautz, Jan and Catanzaro, Bryan},
  journal={arXiv preprint arXiv:1808.06601},
  year={2018}
}

@article{smpl,
  title = {{SMPL}: A Skinned Multi-Person Linear Model},
  author = {Loper, Matthew and Mahmood, Naureen and Romero, Javier and Pons-Moll, Gerard and Black, Michael J.},
  journal = {ACM Trans. Graphics (Proc. SIGGRAPH Asia)},
  volume = {34},
  number = {6},
  pages = {248:1--248:16},
  publisher = {ACM},
  address = {New York, NY},
  month = oct,
  year = {2015},
  month_numeric = {10}
}

@inproceedings{nasfpn,
  title={Nas-fpn: Learning scalable feature pyramid architecture for object detection},
  author={Ghiasi, Golnaz and Lin, Tsung-Yi and Le, Quoc V},
  booktitle={Proceedings of the IEEE conference on computer vision and pattern recognition},
  pages={7036--7045},
  year={2019}
}