@inproceedings{paisitkriangkrai2015learning,
  author    = {Sakrapee Paisitkriangkrai and
               Chunhua Shen and
               Anton van den Hengel},
  title     = {Learning to rank in person re-identification with metric ensembles},
  booktitle = {Conference on Computer Vision and Pattern Recognition, {CVPR}},
  year      = {2015}
}

@inproceedings{lin2015bilinear,
    Author = {Tsung-Yu Lin, Aruni RoyChowdhury, and Subhransu Maji},
    Title = {Bilinear CNN Models for Fine-grained Visual Recognition},
    Booktitle = {International Conference on Computer Vision (ICCV)},
    Year = {2015}
}

@inproceedings{ahmed2015improved,
  author    = {Ejaz Ahmed and
               Michael J. Jones and
               Tim K. Marks},
  title     = {An improved deep learning architecture for person re-identification},
  booktitle = {Conference on Computer Vision and Pattern Recognition, {CVPR}},
  year      = {2015}
}


@article{zhao2014person,
  title={Person Re-identification by Saliency Learning},
  author={Zhao, Rui and Ouyang, Wanli and Wang, Xiaogang},
  journal={arXiv preprint arXiv:1412.1908},
  year={2014}
}

@article{roychowdhury2015face,
  title={Face Identification with Bilinear CNNs},
  author={RoyChowdhury, Aruni and Lin, Tsung-Yu and Maji, Subhransu and Learned-Miller, Erik},
  journal={arXiv preprint arXiv:1506.01342},
  year={2015}
}

@inproceedings{zheng2015scalable,
  title={Scalable Person Re-identification: A Benchmark},
  author={Zheng, Liang and Shen, Liyue and Tian, Lu and Wang, Shengjin and Wang, Jingdong and Tian, Qi},
  booktitle={International Conference on Computer Vision, {ICCV}},
  year={2015}
}

@inproceedings{gray2007evaluating,
  title={Evaluating appearance models for recognition, reacquisition, and tracking},
  author={Gray, Douglas and Brennan, Shane and Tao, Hai},
  booktitle={IEEE International Workshop on Performance Evaluation for Tracking and Surveillance (PETS)},
  volume={3},
  number={5},
  year={2007}
}



@inproceedings{li2015cross,
  author    = {Sheng Li and
               Ming Shao and
               Yun Fu},
  title     = {Cross-View Projective Dictionary Learning for Person Re-Identification},
  booktitle = {International Joint Conference on
               Artificial Intelligence, {IJCAI}},
  year      = {2015}
}



@inproceedings{kuo2013person,
  author    = {Cheng{-}Hao Kuo and
               Sameh Khamis and
               Vinay D. Shet},
  title     = {Person re-identification using semantic color names and RankBoost},
  booktitle = { {IEEE} Workshop on Applications of Computer Vision, {WACV}},
  year      = {2013}
}


@inproceedings{mignon2012pcca,
  author    = {Alexis Mignon and
               Fr{\'{e}}d{\'{e}}ric Jurie},
  title     = {{PCCA:} {A} new approach for distance learning from sparse pairwise
               constraints},
  booktitle = {Conference on Computer Vision and Pattern Recognition, {CVPR}},
  year      = {2012}
}


@inproceedings{ma2012local,
  author    = {Bingpeng Ma and
               Yu Su and
               Fr{\'{e}}d{\'{e}}ric Jurie},
  title     = {Local Descriptors Encoded by Fisher Vectors for Person Re-identification},
  booktitle = {European Conference on Computer Vision, {ECCV}, Workshops},
  year      = {2012}
}



@article{DBLP:journals/cviu/BazzaniCM13,
  author    = {Loris Bazzani and
               Marco Cristani and
               Vittorio Murino},
  title     = {Symmetry-driven accumulation of local features for human characterization
               and re-identification},
  journal   = {Computer Vision and Image Understanding},
  volume    = {117},
  number    = {2},
  pages     = {130--144},
  year      = {2013}
}


@inproceedings{koestinger2012large,
  author    = {Martin K{\"{o}}stinger and
               Martin Hirzer and
               Paul Wohlhart and
               Peter M. Roth and
               Horst Bischof},
  title     = {Large scale metric learning from equivalence constraints},
  booktitle = {Conference on Computer Vision and Pattern Recognition, {CVPR}},
  year      = {2012}
}


@incollection{roth2014mahalanobis,
  author    = {Peter M. Roth and
               Martin Hirzer and
               Martin K{\"{o}}stinger and
               Csaba Beleznai and
               Horst Bischof},
  title     = {Mahalanobis Distance Learning for Person Re-identification},
  booktitle = {Person Re-Identification},
  pages     = {247--267},
  year      = {2014}
}


@inproceedings{hirzer2012person,
  author    = {Martin Hirzer and
               Peter M. Roth and
               Horst Bischof},
  title     = {Person Re-identification by Efficient Impostor-Based Metric Learning},
  booktitle = {International Conference on Advanced Video and Signal-Based
               Surveillance, {AVSS}},
  year      = {2012}
}


@inproceedings{prosser2010person,
  author    = {Bryan Prosser and
               Wei{-}Shi Zheng and
               Shaogang Gong and
               Tao Xiang},
  title     = {Person Re-Identification by Support Vector Ranking},
  booktitle = {British Machine Vision Conference, {BMVC}},
  year      = {2010}
}


@inproceedings{liao2015person,
  author    = {Shengcai Liao and
               Yang Hu and
               Xiangyu Zhu and
               Stan Z. Li},
  title     = {Person re-identification by Local Maximal Occurrence representation
               and metric learning},
  booktitle = {Conference on Computer Vision and Pattern Recognition, {CVPR}},
  year      = {2015}
}


@article{jobson1997multiscale,
  author    = {Daniel J. Jobson and
               Zia{-}ur Rahman and
               Glenn A. Woodell},
  title     = {A multiscale retinex for bridging the gap between color images and
               the human observation of scenes},
  journal   = {{IEEE} Transactions on Image Processing},
  volume    = {6},
  number    = {7},
  pages     = {965--976},
  year      = {1997}
}

% @article{chen2015deep,
%   title={Deep Ranking for Person Re-identification via Joint Representation Learning},
%   author={Chen, Shi-Zhe and Guo, Chun-Chao and Lai, Jian-Huang},
%   journal={arXiv preprint arXiv:1505.06821},
%   year={2015}
% }




@inproceedings{klare2015pushing,
  author    = {Brendan F. Klare and
               Ben Klein and
               Emma Taborsky and
               Austin Blanton and
               Jordan Cheney and
               Kristen Allen and
               Patrick Grother and
               Alan Mah and
               Mark Burge and
               Anil K. Jain},
  title     = {Pushing the frontiers of unconstrained face detection and recognition:
               {IARPA} Janus Benchmark {A}},
  booktitle = {Conference on Computer Vision and Pattern Recognition, {CVPR}},
  year      = {2015}
}



@article{felzenszwalb2010object,
  title={Object detection with discriminatively trained part-based models},
  author={Felzenszwalb, Pedro F and Girshick, Ross B and McAllester, David and Ramanan, Deva},
  journal={Transactions on pattern analysis and machine intelligence, {TPAMI}},
  volume={32},
  number={9},
  pages={1627--1645},
  year={2009},
  publisher={IEEE}
}




@inproceedings{luo2013pedestrian,
  author    = {Ping Luo and
               Xiaogang Wang and
               Xiaoou Tang},
  title     = {Pedestrian Parsing via Deep Decompositional Network},
  booktitle = {International Conference on Computer Vision, {ICCV}},
  year      = {2013},
  bibsource = {dblp computer science bibliography, http://dblp.org}
}


@inproceedings{overett2008new,
  title={A new pedestrian dataset for supervised learning},
  author={Overett, Gary and Petersson, Lars and Brewer, Nathan and Andersson, Lars and Pettersson, Niklas},
  booktitle={Intelligent Vehicles Symposium, 2008 IEEE},
  year={2008}
}




@inproceedings{Lazebnik06,
  author    = {Svetlana Lazebnik and
               Cordelia Schmid and
               Jean Ponce},
  title     = {Beyond Bags of Features: Spatial Pyramid Matching for Recognizing
               Natural Scene Categories},
  booktitle = {Conference on Computer Vision and Pattern Recognition, {CVPR}},
  year      = {2006},
   bibsource = {dblp computer science bibliography, http://dblp.org}
}



@inproceedings{LeCun89,
  author    = {Yann LeCun and
               Bernhard E. Boser and
               John S. Denker and
               Donnie Henderson and
               R. E. Howard and
               Wayne E. Hubbard and
               Lawrence D. Jackel},
  title     = {Handwritten Digit Recognition with a Back-Propagation Network},
  booktitle = {Advances in Neural Information Processing Systems, {NIPS}},
  year      = {1989}
}

@inproceedings{UstinovaNIPS16,  
    Author = {Evgeniya Ustinova and Victor Lempitsky},  
    Title = {Learning Deep Embeddings with Histogram Loss},  
    booktitle = {Advances in Neural Information Processing Systems, {NIPS}},  
    Year = {2016}  
}


@inproceedings{VariorSLXW16,
  author    = {Rahul Rama Varior and
               Bing Shuai and
               Jiwen Lu and
               Dong Xu and
               Gang Wang},
  title     = {A Siamese Long Short-Term Memory Architecture for Human Re-identification},
  booktitle = {European Conference on Computer Vision, {ECCV}},
  year      = {2016}
}

@inproceedings{VariorHW16,
  author    = {Rahul Rama Varior and
               Mrinal Haloi and
               Gang Wang},
  title     = {Gated Siamese Convolutional Neural Network Architecture for Human
               Re-identification},
  booktitle = {European Conference on Computer Vision, {ECCV}},
  year      = {2016}
}

%TODO : fix the citation - pages??
@inproceedings{zhang2016learning,
  title={Learning a Discriminative Null Space for Person Re-identification},
  author={Zhang, Li and Xiang, Tao and Gong, Shaogang},
  booktitle = {Conference on Computer Vision and Pattern Recognition, {CVPR}},
  year={2016}
}


@inproceedings{SuZX0T16,
  author    = {Chi Su and
               Shiliang Zhang and
               Junliang Xing and
               Wen Gao and
               Qi Tian},
  title     = {Deep Attributes Driven Multi-camera Person Re-identification},
  booktitle = {European Conference on Computer Vision, {ECCV}},
  year      = {2016}
}

@inproceedings{chen2016similarity,
  title={Similarity learning with spatial constraints for person re-identification},
  author={Chen, Dapeng and Yuan, Zejian and Chen, Badong and Zheng, Nanning},
  booktitle = {Conference on Computer Vision and Pattern Recognition, {CVPR}},
  year={2016}
}



@inproceedings{LiZW12,
  author    = {Wei Li and
               Rui Zhao and
               Xiaogang Wang},
  title     = {Human Reidentification with Transferred Metric Learning},
  booktitle = {Asian Conference on Computer Vision, {ACCV}},
  year      = {2012}
}


@inproceedings{XiaoLOW16,
  author    = {Tong Xiao and
               Hongsheng Li and
               Wanli Ouyang and
               Xiaogang Wang},
  title     = {Learning Deep Feature Representations with Domain Guided Dropout for
               Person Re-identification},
  booktitle = {Conference on Computer Vision and Pattern Recognition,{CVPR} },
  year      = {2016}
}

@article{LiuFQJY17,
  author    = {Hao Liu and
               Jiashi Feng and
               Meibin Qi and
               Jianguo Jiang and
               Shuicheng Yan},
  title     = {End-to-End Comparative Attention Networks for Person Re-Identification},
  journal   = {{IEEE} Transactions on Image Processing},
  volume    = {26},
  number    = {7},
  pages     = {3492--3506},
  year      = {2017}
}





@article{LeCun89,
  title={Backpropagation applied to handwritten zip code recognition},
  author={LeCun, Yann and Boser, Bernhard and Denker, John S and Henderson, Donnie and Howard, Richard E and Hubbard, Wayne and Jackel, Lawrence D},
  journal={Neural computation},
  volume={1},
  number={4},
  pages={541--551},
  year={1989},
  publisher={MIT Press}
}

@Article{liblinear,
  author = 	 {Rong-En Fan and Kai-Wei Chang and Cho-Jui Hsieh and Xiang-Rui Wang and Chih-Jen Lin},
  title = 	 {{LIBLINEAR}: A Library for Large Linear Classification},
  journal = 	 {Journal of Machine Learning Research},
  year = 	 {2008},
  volume =	 {9},
  pages =	 {1871--1874}
}

@inproceedings{Fernando13, 
  title={Unsupervised Visual Domain Adaptation Using Subspace Alignment}, 
  author={Fernando, Basura and Habrard, Amaury and Sebban, Marc and Tuytelaars, Tinne}, 
  booktitle={International Conference on Computer Vision, {ICCV}}, 
  year={2013} 
}

@inproceedings{Krizhevsky12,
  title={Imagenet classification with deep convolutional neural networks},
  author={Krizhevsky, Alex and Sutskever, Ilya and Hinton, Geoffrey E},
  booktitle={Advances in neural information processing systems (NIPS)},
  year={2012}
}

@inproceedings{Donahue14,
  title={{DeCAF}: A Deep Convolutional Activation Feature for Generic Visual Recognition},
  author={Donahue, Jeff and Jia, Yangqing and Vinyals, Oriol and Hoffman, Judy and Zhang, Ning and Tzeng, Eric and Darrell, Trevor},
  booktitle={International Conference on Machine Learning},
  year={2014}
}



@inproceedings{Taigman14,
  title={Deepface: Closing the gap to human-level performance in face verification},
  author={Taigman, Yaniv and Yang, Ming and Ranzato, Marc'Aurelio and Wolf, Lior},
  booktitle={Conference on Conference on Computer Vision and Pattern Recognition, {CVPR}},
  year={2014}
}


@inproceedings{Razavian14,
  author    = {Ali Sharif Razavian and
               Hossein Azizpour and
               Josephine Sullivan and
               Stefan Carlsson},
  title     = {{CNN} Features Off-the-Shelf: An Astounding Baseline for Recognition},
  booktitle = {Conference on Computer Vision and Pattern Recognition, {CVPR} Workshops},
  year      = {2014}
}

@inproceedings{Chopra05,
  author    = {Sumit Chopra and
               Raia Hadsell and
               Yann LeCun},
  title     = {Learning a Similarity Metric Discriminatively, with Application to
               Face Verification},
  booktitle = {Conference on Computer Vision and Pattern
               Recognition, {CVPR}},
  year      = {2005}
}



@article{Lin15,
  title={Deephash: Getting regularization, depth and fine-tuning right},
  author={Lin, Jie and Morere, Olivier and Chandrasekhar, Vijay and Veillard, Antoine and Goh, Hanlin},
  journal={arXiv preprint arXiv:1501.04711},
  year={2015}
}


@inproceedings{Schultz04,
  title={Learning a distance metric from relative comparisons},
  author={Schultz, Matthew and Joachims, Thorsten},
  booktitle={Advances in neural information processing systems},
  year={2004}
}


% @article{Weinberger09,
%   title={Distance metric learning for large margin nearest neighbor classification},
%   author={Weinberger, Kilian Q and Saul, Lawrence K},
%   journal={The Journal of Machine Learning Research},
%   volume={10},
%   %pages={207--244},
%   year={2009},
%   publisher={JMLR. org}
% }

@article{Chechik10,
  title={Large scale online learning of image similarity through ranking},
  author={Chechik, Gal and Sharma, Varun and Shalit, Uri and Bengio, Samy},
  journal={The Journal of Machine Learning Research, {JMLR}},
  volume={11},
  pages={1109--1135},
  year={2010},
  publisher={JMLR. org}
}

@inproceedings{Qian15,
  title={Fine-grained visual categorization via multi-stage metric learning},
  author={Qian, Qi and Jin, Rong and Zhu, Shenghuo and Lin, Yuanqing},
  booktitle={Conference on Computer Vision and Pattern Recognition, {CVPR}},
  year={2015}
}

@inproceedings{Arandjelovic15,
  title={NetVLAD: CNN architecture for weakly supervised place recognition},
  author={Arandjelovi{\'c}, Relja and Gronat, Petr and Torii, Akihiko and Pajdla, Tomas and Sivic, Josef},
  booktitle={International Conference on Computer Vision, {ICCV}},
  year={2015}
}

% @inproceedings{Schroff15,
%   title={Facenet: A unified embedding for face recognition and clustering},
%   author={Schroff, Florian and Kalenichenko, Dmitry and Philbin, James},
%   booktitle={Conference on Computer Vision and Pattern Recognition, {CVPR}},
%   year={2015}
% }

% @inproceedings{Parkhi15,
%   author    = {Omkar M. Parkhi and
%               Andrea Vedaldi and
%               Andrew Zisserman},
%   title     = {Deep Face Recognition},
%   booktitle = {British Machine Vision Conference, {BMVC}},
%   year      = {2015}
% }

@inproceedings{Sun14,
  title={Deep learning face representation by joint identification-verification},
  author={Sun, Yi and Chen, Yuheng and Wang, Xiaogang and Tang, Xiaoou},
  booktitle={Advances in Neural Information Processing Systems, {NIPS}},
  year={2014}
}

@inproceedings{sohn2016improved,
  title={Improved deep metric learning with multi-class n-pair loss objective},
  author={Sohn, Kihyuk},
  booktitle={Advances in Neural Information Processing Systems, {NIPS}},
  pages={1857--1865},
  year={2016}
}

@inproceedings{Simo15,
  title={Discriminative learning of deep convolutional feature point descriptors},
  author={Simo-Serra, Edgar and Trulls, Eduard and Ferraz, Luis and Kokkinos, Iasonas and Fua, Pascal and Moreno-Noguer, Francesc},
  booktitle={International Conference on Computer Vision, {ICCV}},
  year={2015}
}

@article{Zbontar15,
  title={Stereo Matching by Training a Convolutional Neural Network to Compare Image Patches},
  author={{\v{Z}}bontar, Jure and LeCun, Yann},
  journal={arXiv preprint arXiv:1510.05970},
  year={2015}
}

@inproceedings{movshovitz2017no,
  title={No fuss distance metric learning using proxies},
  author={Movshovitz-Attias, Yair and Toshev, Alexander and Leung, Thomas K and Ioffe, Sergey and Singh, Saurabh},
  booktitle={Proceedings of the IEEE International Conference on Computer Vision},
  pages={360--368},
  year={2017}
}

% @inproceedings{Law13,
%   title={Quadruplet-wise image similarity learning},
%   author={Law, Marc and Thome, Nicolas and Cord, Matthieu},
%   booktitle={Proceedings of the IEEE International Conference on Computer Vision},
%   %pages={249--256},
%   year={2013}
% }

@article{Zheng13,
  title={Reidentification by relative distance comparison},
  author={Zheng, Wei-Shi and Gong, Shaogang and Xiang, Tao},
  journal={IEEE Transactions on Pattern Analysis and Machine Intelligence, {TPAMI} },
  volume={35},
  number={3},
  pages={653--668},
  year={2013},
  publisher={IEEE}
}

@article{Bromley93,
  title={Signature verification using a âSiameseâ time delay neural network},
  author={Bromley, Jane and Bentz, James W and Bottou, L{\'e}on and Guyon, Isabelle and LeCun, Yann and Moore, Cliff and S{\"a}ckinger, Eduard and Shah, Roopak},
  journal={International Journal of Pattern Recognition and Artificial Intelligence},
  volume={7},
  number={04},
  pages={669--688},
  year={1993},
  publisher={World Scientific}
}

@inproceedings{yi2014deep,
  title={Deep metric learning for person re-identification},
  author={Yi, Dong and Lei, Zhen and Liao, Shengcai and Li, Stan Z},
  booktitle={International Conference on Pattern Recognition, {ICPR}},
  year={2014}
}

@article{Yi14,
  title={Deep metric learning for practical person re-identification},
  author={Yi, Dong and Lei, Zhen and Li, Stan Z},
  journal={arXiv preprint arXiv:1407.4979},
  year={2014}
}

@article{wu2016personnet,
  title={Personnet: Person re-identification with deep convolutional neural networks},
  author={Wu, Lin and Shen, Chunhua and Hengel, Anton van den},
  journal={arXiv preprint arXiv:1601.07255},
  year={2016}
}

@inproceedings{zhao2017spindle,
  title={Spindle net: Person re-identification with human body region guided feature decomposition and fusion},
  author={Zhao, Haiyu and Tian, Maoqing and Sun, Shuyang and Shao, Jing and Yan, Junjie and Yi, Shuai and Wang, Xiaogang and Tang, Xiaoou},
  booktitle={Proceedings of the IEEE Conference on Computer Vision and Pattern Recognition},
  pages={1077--1085},
  year={2017}
}

@inproceedings{li2017learning,
  title={Learning deep context-aware features over body and latent parts for person re-identification},
  author={Li, Dangwei and Chen, Xiaotang and Zhang, Zhang and Huang, Kaiqi},
  booktitle={Proceedings of the IEEE Conference on Computer Vision and Pattern Recognition},
  pages={384--393},
  year={2017}
}

@inproceedings{cheng2016person,
  title={Person re-identification by multi-channel parts-based cnn with improved triplet loss function},
  author={Cheng, De and Gong, Yihong and Zhou, Sanping and Wang, Jinjun and Zheng, Nanning},
  booktitle={Proceedings of the IEEE Conference on Computer Vision and Pattern Recognition},
  pages={1335--1344},
  year={2016}
}

@inproceedings{Song16,
  Author    = {Hyun Oh Song and Yu Xiang and Stefanie Jegelka and Silvio Savarese},
  Title     = {Deep Metric Learning via Lifted Structured Feature Embedding},
  Booktitle = {Conference on Computer Vision and Pattern Recognition (CVPR)},
  Year      = {2016}}

@inproceedings{Li14,
  author    = {Wei Li and
              Rui Zhao and
              Tong Xiao and
              Xiaogang Wang},
  title     = {DeepReID: Deep Filter Pairing Neural Network for Person Re-identification},
  booktitle = {Conference on Computer Vision and Pattern Recognition,
              {CVPR}},
  year      = {2014}
}

@article{Wah11,
	Title = {{The Caltech-UCSD Birds-200-2011 Dataset}},
	Author = {Wah, C. and Branson, S. and Welinder, P. and Perona, P. and Belongie, S.},
	Year = {2011},
	Institution = {California Institute of Technology},
	Number = {CNS-TR-2011-001}
}

@inproceedings{sungatullina2018image,
  title={Image manipulation with perceptual discriminators},
  author={Sungatullina, Diana and Zakharov, Egor and Ulyanov, Dmitry and Lempitsky, Victor},
  booktitle={Proceedings of the European Conference on Computer Vision (ECCV)},
  pages={579--595},
  year={2018}
}

@article{Kingma14,
  title={Adam: A method for stochastic optimization},
  author={Kingma, Diederik P and Ba, Jimmy},
  journal={arXiv preprint arXiv:1412.6980},
  year={2014}
}

@inproceedings{paszke2017automatic,
  title={Automatic Differentiation in {PyTorch}},
  author={Paszke, Adam and Gross, Sam and Chintala, Soumith and Chanan, Gregory and Yang, Edward and DeVito, Zachary and Lin, Zeming and Desmaison, Alban and Antiga, Luca and Lerer, Adam},
  booktitle={NIPS Autodiff Workshop},
  year={2017}
}

@article{jia2014caffe,
  Author = {Jia, Yangqing and Shelhamer, Evan and Donahue, Jeff and Karayev, Sergey and Long, Jonathan and Girshick, Ross and Guadarrama, Sergio and Darrell, Trevor},
  Journal = {arXiv preprint arXiv:1408.5093},
  Title = {Caffe: Convolutional Architecture for Fast Feature Embedding},
  Year = {2014}
}
@inproceedings{szegedy2015going,
  title={Going deeper with convolutions},
  author={Szegedy, Christian and Liu, Wei and Jia, Yangqing and Sermanet, Pierre and Reed, Scott and Anguelov, Dragomir and Erhan, Dumitru and Vanhoucke, Vincent and Rabinovich, Andrew},
  booktitle={Conference on Computer Vision and Pattern Recognition, {CVPR}},
  year={2015}
}

@article{ILSVRC15,
Author = {Olga Russakovsky and Jia Deng and Hao Su and Jonathan Krause and Sanjeev Satheesh and Sean Ma and Zhiheng Huang and Andrej Karpathy and Aditya Khosla and Michael Bernstein and Alexander C. Berg and Li Fei-Fei},
Title = {{ImageNet Large Scale Visual Recognition Challenge}},
Year = {2015},
journal   = {International Journal of Computer Vision (IJCV)},
volume={115},
number={3},
}


@book{Friedman2009,
 title = {The Elements of Statistical
Learning : Data Mining, Inference, and Prediction},
 isbn = {9780387848570},
 language = {en},
 publisher = {New York: Springer-Verlag},
 author = {J. Friedman, R. Tibshirani, and T. Hastie, The Elements of Statistical Learning},
year = {2009},
 
}

@incollection{Perronnin10,
  title={Improving the fisher kernel for large-scale image classification},
  author={Perronnin, Florent and S{\'a}nchez, Jorge and Mensink, Thomas},
  booktitle={European Conference on Computer Vision, {ECCV}},
  year={2010},
}

@article{MaLYL15,
  author    = {Andy Jinhua Ma and
               Jiawei Li and
               Pong C. Yuen and
               Ping Li},
  title     = {Cross-Domain Person Reidentification Using Domain Adaptation Ranking
               SVMs},
  journal   = {{IEEE} Transactions on Image Processing},
  volume    = {24},
  number    = {5},
  pages     = {1599--1613},
  year      = {2015},
  url       = {http://dx.doi.org/10.1109/TIP.2015.2395715},
  doi       = {10.1109/TIP.2015.2395715},
  timestamp = {Thu, 09 Apr 2015 17:07:49 +0200},
  biburl    = {http://dblp.uni-trier.de/rec/bib/journals/tip/MaLYL15},
  bibsource = {dblp computer science bibliography, http://dblp.org}
}



@inproceedings{SchroffKP15,
  author    = {Florian Schroff and
              Dmitry Kalenichenko and
              James Philbin},
  title     = {FaceNet: {A} unified embedding for face recognition and clustering},
  booktitle = {Conference on Computer Vision and Pattern Recognition, {CVPR}},
  year      = {2015}
}


@book{GVK233599487,
  added-at = {2009-08-21T11:18:40.000+0200},
  address = {Oxford},
  author = {Bowman, {Adrian W.} and Azzalini, {Adelchi}},
  number = 18,
  pagetotal = {XI, 193},
  ppn_gvk = {233599487},
  publisher = {Clarendon Press},
  series = {Oxford statistical science series},
  subtitle = {the kernel approach with S-Plus illustrations}
}


@inproceedings{Tadmor2016LearningAM,
  title={Learning a Metric Embedding for Face Recognition using the Multibatch Method},
  author={Oren Tadmor and Tal Rosenwein and Shai Shalev-Shwartz and Yonatan Wexler and Amnon Shashua},
  booktitle={Advances in neural information processing systems, {NIPS}},
  year={2016}
}




% %%%%%%%%%%%%%%%%%%%%%SR%%%%%%%%%%%%%%%%%%%%%%%%%%%%%%


@inproceedings{WolfHM11,
  author    = {Lior Wolf and
              Tal Hassner and
              Itay Maoz},
  title     = {Face recognition in unconstrained videos with matched background similarity},
  booktitle = {Conference on Computer Vision and Pattern Recognition, {CVPR}},
  year      = {2011}
}




@inproceedings{ZhangYZNH11,
  author    = {Haichao Zhang and
              Jianchao Yang and
              Yanning Zhang and
              Nasser M. Nasrabadi and
              Thomas S. Huang},
  title     = {Close the loop: Joint blind image restoration and recognition with
              sparse representation prior},
  booktitle = {International Conference on Computer Vision, {ICCV}},
  pages     = {770--777},
  year      = {2011}
}



@inproceedings{huang2017wavelet,
  title={Wavelet-SRNet: A Wavelet-Based CNN for Multi-Scale Face Super Resolution},
  author={Huang, Huaibo and He, Ran and Sun, Zhenan and Tan, Tieniu},
  booktitle={Conference on Computer Vision and Pattern Recognition},
  year={2017}
}


@inproceedings{goodfellow2014generative,
  title={Generative adversarial nets},
  author={Goodfellow, Ian and Pouget-Abadie, Jean and Mirza, Mehdi and Xu, Bing and Warde-Farley, David and Ozair, Sherjil and Courville, Aaron and Bengio, Yoshua},
  booktitle={Advances in neural information processing systems, {NIPS}},
  year={2014}
}




%--------- face
@inproceedings{
LiuNIPS2017,
title = {Unsupervised Image-to-Image Translation Networks},
author = {Liu, Ming-Yu and Breuel, Thomas and Kautz, Jan},
booktitle = {Advances in Neural Information Processing Systems, {NIPS}},
editor = {I. Guyon and U. V. Luxburg and S. Bengio and H. Wallach and R. Fergus and S. Vishwanathan and R. Garnett},
year = {2017}
}


@inproceedings{parkhi2015deep,
  title={Deep Face Recognition.},
  author={Parkhi, Omkar M and Vedaldi, Andrea and Zisserman, Andrew and others},
  booktitle={British Machine Vision Conference, {BMVC}},
  year={2015}
}

@inproceedings{Goodfellow14,
  title={Generative adversarial nets},
  author={Goodfellow, Ian and Pouget-Abadie, Jean and Mirza, Mehdi and Xu, Bing and Warde-Farley, David and Ozair, Sherjil and Courville, Aaron and Bengio, Yoshua},
  booktitle={NIPS},
  year={2014}
}


@inproceedings{liu2015faceattributes,
  author    = {Ziwei Liu and
              Ping Luo and
              Xiaogang Wang and
              Xiaoou Tang},
  title     = {Deep Learning Face Attributes in the Wild},
  booktitle = {International Conference on Computer Vision, {ICCV}},
  year      = {2015}
}

% @article{kingma2014adam,
%   title={Adam: A method for stochastic optimization},
%   author={Kingma, Diederik P and Ba, Jimmy},
%   journal   = {CoRR},
%   volume    = {abs/1412.6980},
%   year      = {2014},
%   archivePrefix = {arXiv},
%   eprint    = {1412.6980}
% }




@inproceedings{ZhuPIE17,
  author    = {Jun{-}Yan Zhu and
              Taesung Park and
              Phillip Isola and
              Alexei A. Efros},
  title     = {Unpaired Image-to-Image Translation Using Cycle-Consistent Adversarial
              Networks},
  booktitle = {International Conference on Computer Vision, {ICCV}},
  year      = {2017}
}

@inproceedings{Hennings-YeomansBK08,
  author    = {Pablo H. Hennings{-}Yeomans and
              Simon Baker and
              B. V. K. Vijaya Kumar},
  title     = {Simultaneous super-resolution and feature extraction for recognition of low-resolution faces},
  booktitle = {Conference on Computer Vision and Pattern Recognition, {CVPR}},
  year      = {2008}
}




@inproceedings{pan2014deblurring,
  title={Deblurring face images with exemplars},
  author={Pan, Jinshan and Hu, Zhe and Su, Zhixun and Yang, Ming-Hsuan},
  booktitle={European Conference on Computer Vision, {ECCV}},
  year={2014}
}

@inproceedings{xu2017learning,
  title={Learning to Super-Resolve Blurry Face and Text Images},
  author={Xu, Xiangyu and Sun, Deqing and Pan, Jinshan and Zhang, Yujin and Pfister, Hanspeter and Yang, Ming-Hsuan},
  booktitle={Conference on Computer Vision and Pattern Recognition, {CVPR}},
  year={2017}
}



@inproceedings{HongIRY17,
  author    = {Sungeun Hong and
              Woobin Im and
              Jongbin Ryu and
              Hyun Seung Yang},
  title     = {{SSPP-DAN:} Deep domain adaptation network for face recognition with
              single sample per person},
  booktitle = {International Conference on Image Processing, {ICIP}},
  year      = {2017}
}

@inproceedings{SohnLZY0C17,
  author    = {Kihyuk Sohn and
              Sifei Liu and
              Guangyu Zhong and
              Xiang Yu and
              Ming{-}Hsuan Yang and
              Manmohan Chandraker},
  title     = {Unsupervised Domain Adaptation for Face Recognition in Unlabeled Videos},
  booktitle = {International Conference on Computer Vision, {ICCV}},
  year      = {2017}
  
}





@inproceedings{li2013locally,
  title={Locally Aligned Feature Transforms across Views},
  author={Li, Wei and Wang, Xiaogang},
  booktitle={Conference on Computer Vision and Pattern Recognition, {CVPR}},
  year={2013}
}

@INPROCEEDINGS{Hirzer_h.:person,
    author = {Martin Hirzer and Csaba Beleznai and Peter M. Roth and Horst Bischof},
    title = {H.: Person re-identification by descriptive and discriminative classification},
    booktitle = {Scandinavian Conference on Image Analysis, {SCIA} },
    year = {2011}
}

@INPROCEEDINGS{Gray07evaluatingappearance,
    author = {Doug Gray and Shane Brennan and Hai Tao},
    title = {Evaluating appearance models for recognition, reacquisition, and tracking},
    booktitle = {In IEEE International Workshop on Performance Evaluation for Tracking and Surveillance},
    year = {2007}
}


@article{maaten2008visualizing,
  title={Visualizing data using t-SNE},
  author={Maaten, Laurens van der and Hinton, Geoffrey},
  journal={The Journal of Machine Learning Research, {JMLR}},
  volume={9},
  pages={2579--2605},
  year={2008}
}

@article{Arbelaez11,
  title={Contour detection and hierarchical image segmentation},
  author={Arbelaez, Pablo and Maire, Michael and Fowlkes, Charless and Malik, Jitendra},
  journal={IEEE Transactions on Pattern Analysis and Machine Intelligence},
  volume={33},
  number={5},
  pages={898--916},
  year={2010},
  publisher={IEEE}
}


@article {LeCun98,
  original =    "orig/lecun-98.ps.gz",
  author = 	"LeCun, Y. and Bottou, L. and Bengio, Y. and Haffner, P.",
  title = 	"Gradient-Based Learning Applied to Document Recognition",
  journal =	"Proceedings of the IEEE",

  volume =        {86},
  number =        {11},
  pages =         {2278-2324},
  year =		{1998}
}


@inproceedings{Hoffman17,
  author    = {Judy Hoffman and
              Eric Tzeng and
              Taesung Park and
              Jun{-}Yan Zhu and
              Phillip Isola and
              Kate Saenko and
              Alexei A. Efros and
              Trevor Darrell},
  title     = {CyCADA: Cycle-Consistent Adversarial Domain Adaptation},
  booktitle = {International Conference on Machine Learning, {ICML}},
  year      = {2018}
}

@article{dlib09,
  author = {Davis E. King},
  title = {Dlib-ml: A Machine Learning Toolkit},
  journal = {The Journal of Machine Learning Research {JMLR}},
  year = {2009},
  volume = {10},
  pages={1755-1758}
}

@inproceedings{HeZRS15,
  author    = {Kaiming He and
              Xiangyu Zhang and
              Shaoqing Ren and
              Jian Sun},
  title     = {Delving Deep into Rectifiers: Surpassing Human-Level Performance on
              ImageNet Classification},
  booktitle = {International Conference on Computer Vision, {ICCV}},
  year      = {2015}
}


@inproceedings{UlyanovVL17,
  author    = {Dmitry Ulyanov and
              Andrea Vedaldi and
              Victor S. Lempitsky},
  title     = {Improved Texture Networks: Maximizing Quality and Diversity in Feed-Forward
              Stylization and Texture Synthesis},
  booktitle = {Conference on Computer Vision and Pattern Recognition, {CVPR}},
  year      = {2017}
 }
  
  

  
@InProceedings{Volpi_2018_CVPR,
author = {Volpi, Riccardo and Morerio, Pietro and Savarese, Silvio and Murino, Vittorio},
title = {Adversarial Feature Augmentation for Unsupervised Domain Adaptation},
booktitle = {Conference on Computer Vision and Pattern Recognition, {CVPR}},
year = {2018}
}

@inproceedings{deng2018image,
  title={Image-image domain adaptation with preserved self-similarity and domain-dissimilarity for person re-identification},
  author={Deng, Weijian and Zheng, Liang and Ye, Qixiang and Kang, Guoliang and Yang, Yi and Jiao, Jianbin},
  booktitle={Proceedings of the IEEE Conference on Computer Vision and Pattern Recognition},
  pages={994--1003},
  year={2018}
}

@InProceedings{Hong_2018_CVPR,
author = {Hong, Weixiang and Wang, Zhenzhen and Yang, Ming and Yuan, Junsong},
title = {Conditional Generative Adversarial Network for Structured Domain Adaptation},
booktitle = {Conference on Computer Vision and Pattern Recognition, {CVPR}},
year = {2018}
} 

@InProceedings{Deng_2018_CVPR,
author = {Deng, Weijian and Zheng, Liang and Ye, Qixiang and Kang, Guoliang and Yang, Yi and Jiao, Jianbin},
title = {Image-Image Domain Adaptation With Preserved Self-Similarity and Domain-Dissimilarity for Person Re-Identification},
booktitle = {Conference on Computer Vision and Pattern Recognition, {CVPR}},
year = {2018}
} 

@inproceedings{bak2018domain,
  title={Domain adaptation through synthesis for unsupervised person re-identification},
  author={Bak, Slawomir and Carr, Peter and Lalonde, Jean-Francois},
  booktitle={ Conference on Computer Vision (ECCV)},
  pages={189--205},
  year={2018}
}

@article{bhattacharyya1943measure,
  title={On a measure of divergence between two statistical populations defined by their probability distributions},
  author={Bhattacharyya, Anil},
  journal={Bull. Calcutta Math. Soc.},
  volume={35},
  pages={99--109},
  year={1943}
}


@article{kullback1951information,
  title={On information and sufficiency},
  author={Kullback, Solomon and Leibler, Richard A},
  journal={The annals of mathematical statistics},
  volume={22},
  number={1},
  pages={79--86},
  year={1951},
  publisher={JSTOR}
}


@inproceedings{Bousmalis_2017_CVPR,
  author    = {Konstantinos Bousmalis and
              Nathan Silberman and
              David Dohan and
              Dumitru Erhan and
              Dilip Krishnan},
  title     = {Unsupervised Pixel-Level Domain Adaptation with Generative Adversarial
              Networks},
  booktitle = {Conference on Computer Vision and Pattern Recognition,{CVPR}},
  year      = {2017}
}




@InProceedings{Murez_2018_CVPR,
author = {Murez, Zak and Kolouri, Soheil and Kriegman, David and Ramamoorthi, Ravi and Kim, Kyungnam},
title = {Image to Image Translation for Domain Adaptation},
booktitle = {Conference on Computer Vision and Pattern Recognition, {CVPR}},
year = {2018}
} 

@inproceedings{zhong2018camera,
  title={Camera style adaptation for person re-identification},
  author={Zhong, Zhun and Zheng, Liang and Zheng, Zhedong and Li, Shaozi and Yang, Yi},
  booktitle={Conference on Computer Vision and Pattern Recognition {CVPR}},
  pages={5157--5166},
  year={2018}
}



%%%%%%%%%% RELATED

@inproceedings{xing2003distance,
  title={Distance metric learning with application to clustering with side-information},
  author={Xing, Eric P and Jordan, Michael I and Russell, Stuart J and Ng, Andrew Y},
  booktitle={Advances in neural information processing systems, {NIPS}},
  year={2003}
}

@article{ying2012distance,
  title={Distance metric learning with eigenvalue optimization},
  author={Ying, Yiming and Li, Peng},
  journal={Journal of Machine Learning Research, {JMLR}},
  volume={13},
  number={Jan},
  pages={1--26},
  year={2012}
}



@inproceedings{chandra1936generalised,
    author = {Mahalanobis, Prasanta Chandra},
     title = {On the Generalised Distance in Statistics},
   journal = {Proceedings of the National Institute of Sciences of India},
    volume = {2},
    number = {1},
      year = {1936},
     pages = {49---55},
     
}



@inproceedings{schultz2004learning,
  title={Learning a distance metric from relative comparisons},
  author={Schultz, Matthew and Joachims, Thorsten},
  booktitle={Advances in neural information processing systems, {NIPS}},
  year={2004}
}

@incollection{NIPS2005_2795,
title = {Distance Metric Learning for Large Margin Nearest Neighbor Classification},
author = {Weinberger, Kilian Q and John Blitzer and Lawrence K. Saul},
booktitle = {Advances in Neural Information Processing Systems, {NIPS}},
year = {2006},
}


@article{weinberger2009distance,
  title={Distance metric learning for large margin nearest neighbor classification},
  author={Weinberger, Kilian Q and Saul, Lawrence K},
  journal={Journal of Machine Learning Research, {JMLR}},
  volume={10},
  number={Feb},
  pages={207--244},
  year={2009}
}

@inproceedings{globerson2006metric,
  title={Metric learning by collapsing classes},
  author={Globerson, Amir and Roweis, Sam T},
  booktitle={Advances in neural information processing systems, {NIPS}},
  year={2006}
}

@inproceedings{davis2007information,
  title={Information-theoretic metric learning},
  author={Davis, Jason V and Kulis, Brian and Jain, Prateek and Sra, Suvrit and Dhillon, Inderjit S},
  booktitle={International conference on Machine learning, {ICCV}},
  year={2007}
}


@incollection{NIPS2012_4840,
title = {Non-linear Metric Learning},
author = {Dor Kedem and Stephen Tyree and Sha, Fei and Gert R. Lanckriet and Weinberger, Kilian Q},
booktitle = {Advances in Neural Information Processing Systems, {NIPS}},
year = {2012}
}




@inproceedings{NIPS2012_4818,
  title={Parametric local metric learning for nearest neighbor classification},
  author={Wang, Jun and Kalousis, Alexandros and Woznica, Adam},
  booktitle={Advances in Neural Information Processing Systems},
  pages={1601--1609},
  year={2012}
}

% article{BelletHS13,
%   author    = {Aur{\'{e}}lien Bellet and
%               Amaury Habrard and
%               Marc Sebban},
%   title     = {A Survey on Metric Learning for Feature Vectors and Structured Data},
%   journal   = {CoRR},
  
%   year      = {2013},
 
%   archivePrefix = {arXiv},
%   eprint    = {1306.6709},
% }

@article{BelletHS13,
  title={A survey on metric learning for feature vectors and structured data},
  author={Bellet, Aur{\'e}lien and Habrard, Amaury and Sebban, Marc},
  journal={arXiv preprint arXiv:1306.6709},
  year={2013}
}


@article{LiT18,
  author    = {Dewei Li and
               Yingjie Tian},
  title     = {Survey and experimental study on metric learning methods},
  journal   = {Neural Networks},
  volume    = {105},
  pages     = {447--462},
  year      = {2018}
}

@inproceedings{GoukPC16,
  author    = {Henry Gouk and
               Bernhard Pfahringer and
               Michael J. Cree},
  title     = {Learning Distance Metrics for Multi-Label Classification},
  booktitle = {Proceedings of The 8th Asian Conference on Machine Learning, {ACML}
               2016, Hamilton, New Zealand, November 16-18, 2016.},
  pages     = {318--333},
  year      = {2016}
}


%%%%%%%%%%% pedestrian features

@inproceedings{ma2012bicov,
  author    = {Bingpeng Ma and
               Yu Su and
               Fr{\'{e}}d{\'{e}}ric Jurie},
  title     = {BiCov: a novel image representation for person re-identification and
               face verification},
  booktitle = {British Machine Vision Conference, {BMVC} },
  year      = {2012}
}




@inproceedings{li2015cross,
  author    = {Sheng Li and
               Ming Shao and
               Yun Fu},
  title     = {Cross-View Projective Dictionary Learning for Person Re-Identification},
  booktitle = { International Joint Conference on
               Artificial Intelligence, {IJCAI}},
  year      = {2015}
}


%%%%%%%%%%%%%% metric learning person re-id


@inproceedings{joachims2002optimizing,
  title={Optimizing search engines using clickthrough data},
  author={Joachims, Thorsten},
  booktitle={ACM SIGKDD international conference on Knowledge discovery and data mining},
  year={2002}
}

@article{cortes1995support,
  title={Support-vector networks},
  author={Cortes, Corinna and Vapnik, Vladimir},
  journal={Machine learning},
  volume={20},
  number={3},
  pages={273--297},
  year={1995},
  publisher={Springer}
}


@article{freund2003efficient,
  title={An efficient boosting algorithm for combining preferences},
  author={Freund, Yoav and Iyer, Raj and Schapire, Robert E and Singer, Yoram},
  journal={Journal of machine learning research, {JMLR}},
  volume={4},
  number={Nov},
  pages={933--969},
  year={2003}
}


@article{JobsonRW97a,
  title={A multiscale retinex for bridging the gap between color images and the human observation of scenes},
  author={Jobson, Daniel J and Rahman, Zia-ur and Woodell, Glenn A},
  journal={IEEE Transactions on Image processing},
  volume={6},
  number={7},
  pages={965--976},
  year={1997},
  publisher={IEEE}
}



@inproceedings{gray2008viewpoint,
  title={Viewpoint invariant pedestrian recognition with an ensemble of localized features},
  author={Gray, Douglas and Tao, Hai},
  booktitle={European Conference on Computer Vision, {ECCV}},
  year={2008}
}

@article{fogel1989gabor,
  title={Gabor filters as texture discriminator},
  author={Fogel, Itzhak and Sagi, Dov},
  journal={Biological cybernetics},
  volume={61},
  number={2},
  pages={103--113},
  year={1989},
  publisher={Springer}
}

@inproceedings{schmid2001constructing,
  title={Constructing models for content-based image retrieval},
  author={Schmid, Cordelia},
  booktitle={Proceedings of Computer Vision and Pattern Recognition, {CVPR}},
  volume={2},
  year={2001}
}

@inproceedings{jungling2011person,
  title={Person re-identification in multi-camera networks},
  author={J{\"u}ngling, Kai and Bodensteiner, Christoph and Arens, Michael},
  booktitle={Conference on Computer Vision and Pattern Recognition, {CVPR} Workshops},
  year={2011}
}

@article{lowe2004distinctive,
  title={Distinctive image features from scale-invariant keypoints},
  author={Lowe, David G},
  journal={International journal of computer vision, {IJCV}},
  volume={60},
  number={2},
  pages={91--110},
  year={2004},
  publisher={Springer}
}

@inproceedings{oreifej2010human,
  title={Human identity recognition in aerial images},
  author={Oreifej, Omar and Mehran, Ramin and Shah, Mubarak},
  booktitle={Conference on Computer Vision and Pattern Recognition, {CVPR}},
  year={2010}
}



@inproceedings{zheng2011person,
  title={Person re-identification by probabilistic relative distance comparison},
  author={Zheng, Wei-Shi and Gong, Shaogang and Xiang, Tao},
  booktitle={Conference on Computer Vision and Pattern Recognition, {CVPR}},
  year={2011}
}
@inproceedings{perronnin2007fisher,
  title={Fisher kernels on visual vocabularies for image categorization},
  author={Perronnin, Florent and Dance, Christopher},
  booktitle={Conference on Computer Vision and Pattern Recognition, {CVPR}},
  year={2007}
}

@inproceedings{babenko2014neural,
  title={Neural codes for image retrieval},
  author={Babenko, Artem and Slesarev, Anton and Chigorin, Alexandr and Lempitsky, Victor},
  booktitle={European Conference on Computer Vision, {ECCV}},
  year={2014}
}

@article{babenko2015aggregating,
  title={Aggregating deep convolutional features for image retrieval},
  author={Babenko, Artem and Lempitsky, Victor},
  journal={arXiv preprint arXiv:1510.07493},
  year={2015}
}

@article{ojala2002multiresolution,
  title={Multiresolution gray-scale and rotation invariant texture classification with local binary patterns},
  author={Ojala, Timo and Pietik{\"a}inen, Matti and M{\"a}enp{\"a}{\"a}, Topi},
  journal={IEEE Transactions on Pattern Analysis and Machine Intelligence, {TPAMI}},
  number={7},
  pages={971--987},
  year={2002},
  publisher={IEEE}
}

@inproceedings{law2013quadruplet,
  title={Quadruplet-wise image similarity learning},
  author={Law, Marc T and Thome, Nicolas and Cord, Matthieu},
  booktitle={International Conference on Computer Vision, {ICCV}},
  year={2013}
}

@inproceedings{hadsell2006dimensionality,
  title={Dimensionality reduction by learning an invariant mapping},
  author={Hadsell, Raia and Chopra, Sumit and LeCun, Yann},
  booktitle={Conference on Computer Vision and Pattern Recognition {CVPR}},
  year={2006}
}


@inproceedings{mobahi2009deep,
  title={Deep learning from temporal coherence in video},
  author={Mobahi, Hossein and Collobert, Ronan and Weston, Jason},
  booktitle={International Conference on Machine Learning, {ICML}},
  year={2009}
}

@inproceedings{wu2017sampling,
  title={Sampling matters in deep embedding learning},
  author={Wu, Chao-Yuan and Manmatha, R and Smola, Alexander J and Krahenbuhl, Philipp},
  booktitle={International Conference on Computer Vision, {ICCV}},
  year={2017}
}


@article{tuzel2008pedestrian,
  title={Pedestrian detection via classification on riemannian manifolds},
  author={Tuzel, Oncel and Porikli, Fatih and Meer, Peter},
  journal={Transactions on pattern analysis and machine intelligence, {TPAMI}},
  volume={30},
  number={10},
  pages={1713--1727},
  year={2008},
  publisher={IEEE}
}


@inproceedings{carreira2012semantic,
  title={Semantic segmentation with second-order pooling},
  author={Carreira, Joao and Caseiro, Rui and Batista, Jorge and Sminchisescu, Cristian},
  booktitle={European Conference on Computer Vision, {ECCV}},
  year={2012}
}

@inproceedings{gao2016compact,
  title={Compact bilinear pooling},
  author={Gao, Yang and Beijbom, Oscar and Zhang, Ning and Darrell, Trevor},
  booktitle={Conference on Computer Vision and Pattern Recognition, {CVPR}},
  year={2016}
}

@article{branson2014bird,
  title={Bird species categorization using pose normalized deep convolutional nets},
  author={Branson, Steve and Van Horn, Grant and Belongie, Serge and Perona, Pietro},
  journal={arXiv preprint arXiv:1406.2952},
  year={2014}
}

@inproceedings{jaderberg2015spatial,
  title={Spatial transformer networks},
  author={Jaderberg, Max and Simonyan, Karen and Zisserman, Andrew and others},
  booktitle={Advances in neural information processing systems, {NIPS}},
  year={2015}
}

@inproceedings{jegou2010aggregating,
  title={Aggregating local descriptors into a compact image representation},
  author={J{\'e}gou, Herv{\'e} and Douze, Matthijs and Schmid, Cordelia and P{\'e}rez, Patrick},
  booktitle={ Conference on Computer Vision and Pattern Recognition, {CVPR}},
  year={2010}
}

@inproceedings{csurka2004visual,
  title={Visual categorization with bags of keypoints},
  author={Csurka, Gabriella and Dance, Christopher and Fan, Lixin and Willamowski, Jutta and Bray, C{\'e}dric},
  booktitle={Workshop on statistical learning in computer vision, ECCV},
  year={2004}
}


@inproceedings{BahdanauCB14,
  author    = {Dzmitry Bahdanau and
               Kyunghyun Cho and
               Yoshua Bengio},
  title     = {Neural Machine Translation by Jointly Learning to Align and Translate},
  booktitle = {International Conference on Learning Representations},
  year      = {2015},
}

@inproceedings{xu2015show,
  title={Show, attend and tell: Neural image caption generation with visual attention},
  author={Xu, Kelvin and Ba, Jimmy and Kiros, Ryan and Cho, Kyunghyun and Courville, Aaron and Salakhudinov, Ruslan and Zemel, Rich and Bengio, Yoshua},
  booktitle={International conference on machine learning, {ICML}},
  year={2015}
}

@article{pan2010survey,
  title={A survey on transfer learning},
  author={Pan, Sinno Jialin and Yang, Qiang},
  journal={IEEE Transactions on knowledge and data engineering},
  volume={22},
  number={10},
  pages={1345--1359},
  year={2010},
  publisher={IEEE}
}

@inproceedings{huang2007correcting,
  title={Correcting sample selection bias by unlabeled data},
  author={Huang, Jiayuan and Gretton, Arthur and Borgwardt, Karsten and Sch{\"o}lkopf, Bernhard and Smola, Alex J},
  booktitle={Advances in neural information processing systems, {NIPS}},
  year={2007}
}

@inproceedings{pan2008transfer,
  title={Transfer Learning via Dimensionality Reduction.},
  author={Pan, Sinno Jialin and Kwok, James T and Yang, Qiang and others},
  booktitle={AAAI},
  volume={8},
  year={2008}
}

@article{pan2011domain,
  title={Domain adaptation via transfer component analysis},
  author={Pan, Sinno Jialin and Tsang, Ivor W and Kwok, James T and Yang, Qiang},
  journal={IEEE Transactions on Neural Networks},
  volume={22},
  number={2},
  pages={199--210},
  year={2011},
  publisher={IEEE}
}

@article{borgwardt2006integrating,
  title={Integrating structured biological data by kernel maximum mean discrepancy},
  author={Borgwardt, Karsten M and Gretton, Arthur and Rasch, Malte J and Kriegel, Hans-Peter and Sch{\"o}lkopf, Bernhard and Smola, Alex J},
  journal={Bioinformatics},
  volume={22},
  number={14},
  pages={e49--e57},
  year={2006},
  publisher={Oxford University Press}
}

@inproceedings{baktashmotlagh2013unsupervised,
  title={Unsupervised domain adaptation by domain invariant projection},
  author={Baktashmotlagh, Mahsa and Harandi, Mehrtash T and Lovell, Brian C and Salzmann, Mathieu},
  booktitle={International Conference on Computer Vision, {ICCV}},
  year={2013}
}

@inproceedings{gong2013connecting,
  title={Connecting the dots with landmarks: Discriminatively learning domain-invariant features for unsupervised domain adaptation},
  author={Gong, Boqing and Grauman, Kristen and Sha, Fei},
  booktitle={International Conference on Machine Learning, {ICML}},
  year={2013}
}

@inproceedings{gong2012geodesic,
  title={Geodesic flow kernel for unsupervised domain adaptation},
  author={Gong, Boqing and Shi, Yuan and Sha, Fei and Grauman, Kristen},
  booktitle={Conference on Computer Vision and Pattern Recognition, {CVPR}},
  year={2012}
}

@article{xu2018cross,
  title={Cross-domain visual recognition via domain adaptive dictionary learning},
  author={Xu, Hongyu and Zheng, Jingjing and Alavi, Azadeh and Chellappa, Rama},
  journal={arXiv preprint arXiv:1804.04687},
  year={2018}
}

@inproceedings{goldberger2005neighbourhood,
  title={Neighbourhood components analysis},
  author={Goldberger, Jacob and Hinton, Geoffrey E and Roweis, Sam T and Salakhutdinov, Ruslan R},
  booktitle={Advances in neural information processing systems, {NIPS}},
  pages={513--520},
  year={2005}
}




@inproceedings{glorot2011domain,
  title={Domain adaptation for large-scale sentiment classification: A deep learning approach},
  author={Glorot, Xavier and Bordes, Antoine and Bengio, Yoshua},
  booktitle={International conference on machine learning, {ICML}},
  year={2011}
}

@inproceedings{vincent2008extracting,
  title={Extracting and composing robust features with denoising autoencoders},
  author={Vincent, Pascal and Larochelle, Hugo and Bengio, Yoshua and Manzagol, Pierre-Antoine},
  booktitle={International conference on Machine learning, {ICML}},
  year={2008}
}

@inproceedings{chopra2013dlid,
  title={Dlid: Deep learning for domain adaptation by interpolating between domains},
  author={Chopra, Sumit and Balakrishnan, Suhrid and Gopalan, Raghuraman},
  booktitle={ICML workshop on challenges in representation learning},
  volume={2},
  number={6},
  year={2013}
}

@inproceedings{LongC0J15,
  author    = {Mingsheng Long and
               Yue Cao and
               Jianmin Wang and
               Michael I. Jordan},
  title     = {Learning Transferable Features with Deep Adaptation Networks},
  booktitle = {International conference on machine learning, {ICML}},
  series    = {{JMLR} Workshop and Conference Proceedings},
  volume    = {37},
  pages     = {97--105},
  publisher = {JMLR.org},
  year      = {2015}
}

@article{tzeng2014deep,
  title={Deep domain confusion: Maximizing for domain invariance},
  author={Tzeng, Eric and Hoffman, Judy and Zhang, Ning and Saenko, Kate and Darrell, Trevor},
  journal={arXiv preprint arXiv:1412.3474},
  year={2014}
}

@article{zheng2016person,
  title={Person re-identification: Past, present and future},
  author={Zheng, Liang and Yang, Yi and Hauptmann, Alexander G},
  journal={arXiv preprint arXiv:1610.02984},
  year={2016}
}

@article{jafri2009survey,
  title={A survey of face recognition techniques.},
  author={Jafri, Rabia and Arabnia, Hamid R},
  journal={Journal of Information Processing Systems},
  volume={5},
  number={2},
  pages={41--68},
  year={2009}
}


@inproceedings{hu2014discriminative,
  title={Discriminative deep metric learning for face verification in the wild},
  author={Hu, Junlin and Lu, Jiwen and Tan, Yap-Peng},
  booktitle={Conference on Computer Vision and Pattern Recognition, {CVPR}},
  year={2014}
}

@article{simonyan2014very,
  title={Very deep convolutional networks for large-scale image recognition},
  author={Simonyan, Karen and Zisserman, Andrew},
  journal={arXiv preprint arXiv:1409.1556},
  year={2014}
}

@inproceedings{saquib2018pose,
  title={A pose-sensitive embedding for person re-identification with expanded cross neighborhood re-ranking},
  author={Saquib Sarfraz, M and Schumann, Arne and Eberle, Andreas and Stiefelhagen, Rainer},
  booktitle={Proceedings of the IEEE Conference on Computer Vision and Pattern Recognition},
  pages={420--429},
  year={2018}
}

@inproceedings{suh2018part,
  title={Part-aligned bilinear representations for person re-identification},
  author={Suh, Yumin and Wang, Jingdong and Tang, Siyu and Mei, Tao and Mu Lee, Kyoung},
  booktitle={European Conference on Computer Vision, {ECCV}},
  year={2018}
}

@inproceedings{cao2017realtime,
  title={Realtime multi-person 2d pose estimation using part affinity fields},
  author={Cao, Zhe and Simon, Tomas and Wei, Shih-En and Sheikh, Yaser},
  booktitle={Conference on Computer Vision and Pattern Recognition, {CVPR}},
  year={2017}
}



@inproceedings{kalayeh2018human,
  title={Human semantic parsing for person re-identification},
  author={Kalayeh, Mahdi M and Basaran, Emrah and G{\"o}kmen, Muhittin and Kamasak, Mustafa E and Shah, Mubarak},
  booktitle={ Computer Vision and Pattern Recognition, {CVPR}},
  year={2018}
}

@article{chen2016deep,
  title={Deep ranking for person re-identification via joint representation learning},
  author={Chen, Shi-Zhe and Guo, Chun-Chao and Lai, Jian-Huang},
  journal={IEEE Transactions on Image Processing},
  volume={25},
  number={5},
  pages={2353--2367},
  year={2016},
  publisher={IEEE}
}

@article{ganin2016domain,
  title={Domain-adversarial training of neural networks},
  author={Ganin, Yaroslav and Ustinova, Evgeniya and Ajakan, Hana and Germain, Pascal and Larochelle, Hugo and Laviolette, Fran{\c{c}}ois and Marchand, Mario and Lempitsky, Victor},
  journal={The Journal of Machine Learning Research, {JMLR}},
  volume={17},
  number={1},
  pages={2096--2030},
  year={2016},
  publisher={JMLR. org}
}

@inproceedings{ustinova2017multi,
  title={Multi-region bilinear convolutional neural networks for person re-identification},
  author={Ustinova, Evgeniya and Ganin, Yaroslav and Lempitsky, Victor},
  booktitle={IEEE International Conference on Advanced Video and Signal Based Surveillance, {AVSS}},
  year={2017}
}


@inproceedings{Zheng15,
  title={Scalable Person Re-identification: A Benchmark},
  author={Zheng, Liang and Shen, Liyue and Tian, Lu and Wang, Shengjin and Wang, Jingdong and Tian, Qi},
  booktitle={ International Conference on Computer Vision, {ICCV}},
  year={2015}
}


@inproceedings{BenDavid-NIPS06,
  author    = {Shai Ben-David and
               John Blitzer and
               Koby Crammer and
               Fernando Pereira},
  title     = {Analysis of Representations for Domain Adaptation},
  booktitle = {Advances in neural information processing systems, {NIPS}},
  year      = {2006},
  ee        = {http://books.nips.cc/papers/files/nips19/NIPS2006_0838.pdf},
  bibsource = {DBLP, http://dblp.uni-trier.de}
}


@inproceedings{Mansour-COLT09,
title	= {Domain Adaptation: Learning Bounds and Algorithms},
author	= {Yishay Mansour and Mehryar Mohri and Afshin Rostamizadeh},
year	= {2009},
booktitle	= {Conference on Learning Theory {COLT}},
address	= {Montr\'eal, Canada}
}



@inproceedings{MansourMR09,
  author    = {Yishay Mansour and
               Mehryar Mohri and
               Afshin Rostamizadeh},
  title     = {Multiple Source Adaptation and the R{\'{e}}nyi Divergence},
  booktitle = {Conference on Uncertainty in Artificial Intelligence, {UAI}},
  year      = {2009}

}


@inproceedings{pbda,
  author    = {Pascal Germain and
               Amaury Habrard and
               Fran\c{c}ois Laviolette and
               Emilie Morvant},
  title     = {A {PAC-B}ayesian Approach for Domain Adaptation with Specialization
               to Linear Classifiers},
  booktitle = {International conference on machine learning, {ICML}},
  year      = {2013},
  ee        = {http://jmlr.org/proceedings/papers/v28/germain13.html},
  bibsource = {DBLP, http://dblp.uni-trier.de}
}

@inproceedings{kifer-2004,
  author    = {Daniel Kifer and
               Shai Ben{-}David and
               Johannes Gehrke},
  title     = {Detecting Change in Data Streams},
  booktitle = { International Conference on Very Large Data Bases},
  year      = {2004}

}
