
@inproceedings{
LiuNIPS2017,
title = {Unsupervised Image-to-Image Translation Networks},
author = {Liu, Ming-Yu and Breuel, Thomas and Kautz, Jan},
booktitle = {Advances in Neural Information Processing Systems, {NIPS}},
editor = {I. Guyon and U. V. Luxburg and S. Bengio and H. Wallach and R. Fergus and S. Vishwanathan and R. Garnett},
pages = {700--708},
year = {2017},
publisher = {Curran Associates, Inc.}
}


@inproceedings{parkhi2015deep,
  title={Deep Face Recognition.},
  author={Parkhi, Omkar M and Vedaldi, Andrea and Zisserman, Andrew and others},
  booktitle={British Machine Vision Conference, {BMVC}},
  volume={1},
  pages={6},
  year={2015}
}

@inproceedings{WolfHM11,
  author    = {Lior Wolf and
               Tal Hassner and
               Itay Maoz},
  title     = {Face recognition in unconstrained videos with matched background similarity},
  booktitle = {Conference on Computer Vision and Pattern Recognition, {CVPR}},
  pages     = {529--534},
  year      = {2011}
}


@inproceedings{liu2015faceattributes,
  author    = {Ziwei Liu and
               Ping Luo and
               Xiaogang Wang and
               Xiaoou Tang},
  title     = {Deep Learning Face Attributes in the Wild},
  booktitle = {International Conference on Computer Vision, {ICCV}},
  pages     = {3730--3738},
  year      = {2015}
}

@article{kingma2014adam,
  title={Adam: A method for stochastic optimization},
  author={Kingma, Diederik P and Ba, Jimmy},
  journal   = {CoRR},
  volume    = {abs/1412.6980},
  year      = {2014},
  url       = {http://arxiv.org/abs/1412.6980},
  archivePrefix = {arXiv},
  eprint    = {1412.6980}
}


@article{Yi14,
  title={Deep metric learning for practical person re-identification},
  author={Yi, Dong and Lei, Zhen and Li, Stan Z},
  journal   = {CoRR},
  volume    = {abs/1407.4979},
  eprint    = {1407.4979},
  year={2014}
}

@inproceedings{ZhuPIE17,
  author    = {Jun{-}Yan Zhu and
               Taesung Park and
               Phillip Isola and
               Alexei A. Efros},
  title     = {Unpaired Image-to-Image Translation Using Cycle-Consistent Adversarial
               Networks},
  booktitle = {International Conference on Computer Vision, {ICCV}},
  pages     = {2242--2251},
  year      = {2017}
}

@inproceedings{Hennings-YeomansBK08,
  author    = {Pablo H. Hennings{-}Yeomans and
               Simon Baker and
               B. V. K. Vijaya Kumar},
  title     = {Simultaneous super-resolution and feature extraction for recognition of low-resolution faces},
  booktitle = {Conference on Computer Vision and Pattern Recognition, {CVPR}},
  year      = {2008}
}




@inproceedings{ZhangYZNH11,
  author    = {Haichao Zhang and
               Jianchao Yang and
               Yanning Zhang and
               Nasser M. Nasrabadi and
               Thomas S. Huang},
  title     = {Close the loop: Joint blind image restoration and recognition with
               sparse representation prior},
  booktitle = {International Conference on Computer Vision, {ICCV}},
  pages     = {770--777},
  year      = {2011}
}


@inproceedings{pan2014deblurring,
  title={Deblurring face images with exemplars},
  author={Pan, Jinshan and Hu, Zhe and Su, Zhixun and Yang, Ming-Hsuan},
  booktitle={European Conference on Computer Vision, {ECCV}},
  pages={47--62},
  year={2014},
  organization={Springer}
}

@article{TuzelTH16,
  author    = {Oncel Tuzel and
               Yuichi Taguchi and
               John R. Hershey},
  title     = {Global-Local Face Upsampling Network},
  journal   = {CoRR},
  volume    = {abs/1603.07235},
  year      = {2016},
  url       = {http://arxiv.org/abs/1603.07235},
  archivePrefix = {arXiv},
  eprint    = {1603.07235}
}

@inproceedings{ZhuLLT16,
  author    = {Shizhan Zhu and
               Sifei Liu and
               Chen Change Loy and
               Xiaoou Tang},
  title     = {Deep Cascaded Bi-Network for Face Hallucination},
  booktitle = {European Conference on Computer Vision, {ECCV}},
  pages     = {614--630},
  year      = {2016}
}

@inproceedings{xu2017learning,
  title={Learning to Super-Resolve Blurry Face and Text Images},
  author={Xu, Xiangyu and Sun, Deqing and Pan, Jinshan and Zhang, Yujin and Pfister, Hanspeter and Yang, Ming-Hsuan},
  booktitle={Conference on Computer Vision and Pattern Recognition, {CVPR}},
  pages={251--260},
  year={2017}
}


@inproceedings{huang2017wavelet,
  title={Wavelet-SRNet: A Wavelet-Based CNN for Multi-Scale Face Super Resolution},
  author={Huang, Huaibo and He, Ran and Sun, Zhenan and Tan, Tieniu},
  booktitle={Conference on Computer Vision and Pattern Recognition, {CVPR}},
  pages={1689--1697},
  year={2017}
}


@inproceedings{goodfellow2014generative,
  title={Generative adversarial nets},
  author={Goodfellow, Ian and Pouget-Abadie, Jean and Mirza, Mehdi and Xu, Bing and Warde-Farley, David and Ozair, Sherjil and Courville, Aaron and Bengio, Yoshua},
  booktitle={Advances in Neural Information Processing Systems, {NIPS}},
  pages={2672--2680},
  year={2014}
}

@inproceedings{HongIRY17,
  author    = {Sungeun Hong and
               Woobin Im and
               Jongbin Ryu and
               Hyun Seung Yang},
  title     = {{SSPP-DAN:} Deep domain adaptation network for face recognition with
               single sample per person},
  booktitle = {International Conference on Image Processing, {ICIP}},
  pages     = {825--829},
  year      = {2017}
}

@inproceedings{SohnLZY0C17,
  author    = {Kihyuk Sohn and
               Sifei Liu and
               Guangyu Zhong and
               Xiang Yu and
               Ming{-}Hsuan Yang and
               Manmohan Chandraker},
  title     = {Unsupervised Domain Adaptation for Face Recognition in Unlabeled Videos},
  booktitle = {International Conference on Computer Vision, {ICCV}},
  pages     = {5917--5925},
  year      = {2017}
  
}


@article{GaninUAGLLML16,
  title={Domain-adversarial training of neural networks},
  author={Ganin, Yaroslav and Ustinova, Evgeniya and Ajakan, Hana and Germain, Pascal and Larochelle, Hugo and Laviolette, Fran{\c{c}}ois and Marchand, Mario and Lempitsky, Victor},
  journal={The Journal of Machine Learning Research, {JMLR}},
  volume={17},
  number={1},
  pages={2096--2030},
  year={2016},
  publisher={JMLR. org}
}

@article{maaten2008visualizing,
  title={Visualizing data using t-SNE},
  author={Maaten, Laurens van der and Hinton, Geoffrey},
  journal={The Journal of Machine Learning Research, {JMLR}},
  volume={9},
  pages={2579--2605},
  year={2008}
}


@inproceedings{Hoffman17,
  author    = {Judy Hoffman and
               Eric Tzeng and
               Taesung Park and
               Jun{-}Yan Zhu and
               Phillip Isola and
               Kate Saenko and
               Alexei A. Efros and
               Trevor Darrell},
  title     = {CyCADA: Cycle-Consistent Adversarial Domain Adaptation},
  booktitle = {International Conference on Machine Learning,
               {ICML}},
  pages     = {1994--2003},
  year      = {2018}
}

@article{dlib09,
  author = {Davis E. King},
  title = {Dlib-ml: A Machine Learning Toolkit},
  journal = {The Journal of Machine Learning Research {JMLR}},
  year = {2009},
  volume = {10},
  pages = {1755-1758}
}

@inproceedings{HeZRS15,
  author    = {Kaiming He and
               Xiangyu Zhang and
               Shaoqing Ren and
               Jian Sun},
  title     = {Delving Deep into Rectifiers: Surpassing Human-Level Performance on
               ImageNet Classification},
  booktitle = {International Conference on Computer Vision, {ICCV}},
  pages     = {1026--1034},
  year      = {2015}
}


@inproceedings{UlyanovVL17,
  author    = {Dmitry Ulyanov and
               Andrea Vedaldi and
               Victor S. Lempitsky},
  title     = {Improved Texture Networks: Maximizing Quality and Diversity in Feed-Forward
               Stylization and Texture Synthesis},
  booktitle = {Conference on Computer Vision and Pattern Recognition,
               {CVPR}},
  pages     = {4105--4113},
  year      = {2017}
 }
  
  

  
@InProceedings{Volpi_2018_CVPR,
author = {Volpi, Riccardo and Morerio, Pietro and Savarese, Silvio and Murino, Vittorio},
title = {Adversarial Feature Augmentation for Unsupervised Domain Adaptation},
booktitle = {Conference on Computer Vision and Pattern Recognition, {CVPR}},
month = {June},
year = {2018}
}


@InProceedings{Hong_2018_CVPR,
author = {Hong, Weixiang and Wang, Zhenzhen and Yang, Ming and Yuan, Junsong},
title = {Conditional Generative Adversarial Network for Structured Domain Adaptation},
booktitle = {Conference on Computer Vision and Pattern Recognition, {CVPR}},
month = {June},
year = {2018}
} 

@InProceedings{Deng_2018_CVPR,
author = {Deng, Weijian and Zheng, Liang and Ye, Qixiang and Kang, Guoliang and Yang, Yi and Jiao, Jianbin},
title = {Image-Image Domain Adaptation With Preserved Self-Similarity and Domain-Dissimilarity for Person Re-Identification},
booktitle = {Conference on Computer Vision and Pattern Recognition, {CVPR}},
month = {June},
year = {2018}
} 



@inproceedings{Bousmalis_2017_CVPR,
  author    = {Konstantinos Bousmalis and
               Nathan Silberman and
               David Dohan and
               Dumitru Erhan and
               Dilip Krishnan},
  title     = {Unsupervised Pixel-Level Domain Adaptation with Generative Adversarial
               Networks},
  booktitle = {Conference on Computer Vision and Pattern Recognition,
               {CVPR}},
  pages     = {95--104},
  year      = {2017}
}




@InProceedings{Murez_2018_CVPR,
author = {Murez, Zak and Kolouri, Soheil and Kriegman, David and Ramamoorthi, Ravi and Kim, Kyungnam},
title = {Image to Image Translation for Domain Adaptation},
booktitle = {Conference on Computer Vision and Pattern Recognition, {CVPR}},
month = {June},
year = {2018}
} 